@article {siksek06,
    AUTHOR = {Bugeaud, Yann and Mignotte, Maurice and Siksek, Samir},
     TITLE = {Classical and modular approaches to exponential {D}iophantine
              equations. {I}. {F}ibonacci and {L}ucas perfect powers},
   JOURNAL = {Ann. of Math. (2)},
  FJOURNAL = {Annals of Mathematics. Second Series},
    VOLUME = {163},
      YEAR = {2006},
    NUMBER = {3},
     PAGES = {969--1018},
      ISSN = {0003-486X},
     CODEN = {ANMAAH},
   MRCLASS = {11D61 (11B39 11D59 11J86)},
  MRNUMBER = {2215137 (2007f:11031)},
MRREVIEWER = {Yuri Bilu},
       DOI = {10.4007/annals.2006.163.969},
       URL = {http://dx.doi.org/10.4007/annals.2006.163.969},
}


@article {darmon97,
    AUTHOR = {Darmon, Henri and Merel, Lo{\"{\i}}c},
     TITLE = {Winding quotients and some variants of {F}ermat's last
              theorem},
   JOURNAL = {J. Reine Angew. Math.},
  FJOURNAL = {Journal f\"ur die Reine und Angewandte Mathematik},
    VOLUME = {490},
      YEAR = {1997},
     PAGES = {81--100},
      ISSN = {0075-4102},
     CODEN = {JRMAA8},
   MRCLASS = {11G18 (11D41 11F80 11G05)},
  MRNUMBER = {1468926 (98h:11076)},
MRREVIEWER = {Kenneth Kramer},
}

@article {bennett04,
    AUTHOR = {Bennett, Michael A. and Skinner, Chris M.},
     TITLE = {Ternary {D}iophantine equations via {G}alois representations
              and modular forms},
   JOURNAL = {Canad. J. Math.},
  FJOURNAL = {Canadian Journal of Mathematics. Journal Canadien de
              Math\'ematiques},
    VOLUME = {56},
      YEAR = {2004},
    NUMBER = {1},
     PAGES = {23--54},
      ISSN = {0008-414X},
     CODEN = {CJMAAB},
   MRCLASS = {11D41 (11F11 11F80)},
  MRNUMBER = {2031121 (2005c:11035)},
MRREVIEWER = {Henri Darmon},
       DOI = {10.4153/CJM-2004-002-2},
       URL = {http://dx.doi.org/10.4153/CJM-2004-002-2},
}


@article {siksek05,
    AUTHOR = {Bugeaud, Yann and Luca, Florian and Mignotte, Maurice and
              Siksek, Samir},
     TITLE = {On perfect powers in {L}ucas sequences},
   JOURNAL = {Int. J. Number Theory},
  FJOURNAL = {International Journal of Number Theory},
    VOLUME = {1},
      YEAR = {2005},
    NUMBER = {3},
     PAGES = {309--332},
      ISSN = {1793-0421},
   MRCLASS = {11D41 (11B39)},
  MRNUMBER = {2175095 (2006j:11036)},
MRREVIEWER = {Michael A. Bennett},
       DOI = {10.1142/S1793042105000236},
       URL = {http://dx.doi.org/10.1142/S1793042105000236},
}

@article {gyory03,
    AUTHOR = {Gyory, K{\'a}lm{\'a}n},
     TITLE = {On some arithmetical properties of {L}ucas and {L}ehmer
              numbers. {II}},
      NOTE = {Dedicated to the memory of Professor Dr. P{\'e}ter Kiss},
   JOURNAL = {Acta Acad. Paedagog. Agriensis Sect. Mat. (N.S.)},
  FJOURNAL = {Acta Academiae Paedagogicae Agriensis. Nova Series. Sectio
              Matematicae},
    VOLUME = {30},
      YEAR = {2003},
     PAGES = {67--73},
      ISSN = {1216-6014},
   MRCLASS = {11B39 (11D61)},
  MRNUMBER = {2054716 (2005c:11019)},
MRREVIEWER = {F. Beukers},
}


@article {gyory82,
    AUTHOR = {Gyory, K.},
     TITLE = {On some arithmetical properties of {L}ucas and {L}ehmer
              numbers},
   JOURNAL = {Acta Arith.},
  FJOURNAL = {Polska Akademia Nauk. Instytut Matematyczny. Acta Arithmetica},
    VOLUME = {40},
      YEAR = {1981/82},
    NUMBER = {4},
     PAGES = {369--373},
      ISSN = {0065-1036},
     CODEN = {AARIA9},
   MRCLASS = {10A35 (10B15)},
  MRNUMBER = {667047 (83k:10018)},
MRREVIEWER = {F. Beukers},
}

@article {wiles95,
    AUTHOR = {Wiles, Andrew},
     TITLE = {Modular elliptic curves and {F}ermat's last theorem},
   JOURNAL = {Ann. of Math. (2)},
  FJOURNAL = {Annals of Mathematics. Second Series},
    VOLUME = {141},
      YEAR = {1995},
    NUMBER = {3},
     PAGES = {443--551},
      ISSN = {0003-486X},
     CODEN = {ANMAAH},
   MRCLASS = {11G05 (11D41 11F11 11F80 11G18)},
  MRNUMBER = {1333035 (96d:11071)},
MRREVIEWER = {Karl Rubin},
       DOI = {10.2307/2118559},
       URL = {http://dx.doi.org/10.2307/2118559},
}

@article {taylorwiles95,
    AUTHOR = {Taylor, Richard and Wiles, Andrew},
     TITLE = {Ring-theoretic properties of certain {H}ecke algebras},
   JOURNAL = {Ann. of Math. (2)},
  FJOURNAL = {Annals of Mathematics. Second Series},
    VOLUME = {141},
      YEAR = {1995},
    NUMBER = {3},
     PAGES = {553--572},
      ISSN = {0003-486X},
     CODEN = {ANMAAH},
   MRCLASS = {11G18 (11D41 11F11 11R34 13C40)},
  MRNUMBER = {1333036 (96d:11072)},
MRREVIEWER = {Karl Rubin},
       DOI = {10.2307/2118560},
       URL = {http://dx.doi.org/10.2307/2118560},
}

@article {conrad01,
    AUTHOR = {Breuil, Christophe and Conrad, Brian and Diamond, Fred and
              Taylor, Richard},
     TITLE = {On the modularity of elliptic curves over {$\bold Q$}: wild
              3-adic exercises},
   JOURNAL = {J. Amer. Math. Soc.},
  FJOURNAL = {Journal of the American Mathematical Society},
    VOLUME = {14},
      YEAR = {2001},
    NUMBER = {4},
     PAGES = {843--939 (electronic)},
      ISSN = {0894-0347},
   MRCLASS = {11G05 (11F80 11G07 14G35)},
  MRNUMBER = {1839918 (2002d:11058)},
MRREVIEWER = {Karl Rubin},
       DOI = {10.1090/S0894-0347-01-00370-8},
       URL = {http://dx.doi.org/10.1090/S0894-0347-01-00370-8},
}


@article {brown12,
    AUTHOR = {Brown, David},
     TITLE = {Primitive integral solutions to {$x^2+y^3=z^{10}$}},
   JOURNAL = {Int. Math. Res. Not. IMRN},
  FJOURNAL = {International Mathematics Research Notices. IMRN},
      YEAR = {2012},
    NUMBER = {2},
     PAGES = {423--436},
      ISSN = {1073-7928},
   MRCLASS = {11D41},
  MRNUMBER = {2876388 (2012k:11036)},
}

@article {lagarias79,
    AUTHOR = {Lagarias, J. C. and Montgomery, H. L. and Odlyzko, A. M.},
     TITLE = {A bound for the least prime ideal in the {C}hebotarev density
              theorem},
   JOURNAL = {Invent. Math.},
  FJOURNAL = {Inventiones Mathematicae},
    VOLUME = {54},
      YEAR = {1979},
    NUMBER = {3},
     PAGES = {271--296},
      ISSN = {0020-9910},
     CODEN = {INVMBH},
   MRCLASS = {12A75 (10H08)},
  MRNUMBER = {553223 (81b:12013)},
MRREVIEWER = {Larry J. Goldstein},
       DOI = {10.1007/BF01390234},
       URL = {http://dx.doi.org/10.1007/BF01390234},
}

@article {murty94,
    AUTHOR = {Murty, V. Kumar},
     TITLE = {The least prime which does not split completely},
   JOURNAL = {Forum Math.},
  FJOURNAL = {Forum Mathematicum},
    VOLUME = {6},
      YEAR = {1994},
    NUMBER = {5},
     PAGES = {555--565},
      ISSN = {0933-7741},
     CODEN = {FOMAEF},
   MRCLASS = {11R47 (11G05 11R42)},
  MRNUMBER = {1295152 (95h:11131)},
MRREVIEWER = {Henri Darmon},
       DOI = {10.1515/form.1994.6.555},
       URL = {http://dx.doi.org/10.1515/form.1994.6.555},
}

@article {gyory81,
    AUTHOR = {Gyory, K. and Kiss, P. and Schinzel, A.},
     TITLE = {On {L}ucas and {L}ehmer sequences and their applications to
              {D}iophantine equations},
   JOURNAL = {Colloq. Math.},
  FJOURNAL = {Colloquium Mathematicum},
    VOLUME = {45},
      YEAR = {1981},
    NUMBER = {1},
     PAGES = {75--80 (1982)},
      ISSN = {0010-1354},
     CODEN = {CQMAAQ},
   MRCLASS = {10A40},
  MRNUMBER = {652603 (83g:10009)},
MRREVIEWER = {T. Ono},
}

@article {ribet91,
    AUTHOR = {Ribet, Kenneth A.},
     TITLE = {Lowering the levels of modular representations without
              multiplicity one},
   JOURNAL = {Internat. Math. Res. Notices},
  FJOURNAL = {International Mathematics Research Notices},
      YEAR = {1991},
    NUMBER = {2},
     PAGES = {15--19},
      ISSN = {1073-7928},
   MRCLASS = {11G18 (11D41 11F80 11G05)},
  MRNUMBER = {1104839 (92d:11064)},
MRREVIEWER = {Nigel Boston},
       DOI = {10.1155/S107379289100003X},
       URL = {http://dx.doi.org/10.1155/S107379289100003X},
}

@article {mazur78,
    AUTHOR = {Mazur, B.},
     TITLE = {Rational isogenies of prime degree (with an appendix by {D}.
              {G}oldfeld)},
   JOURNAL = {Invent. Math.},
  FJOURNAL = {Inventiones Mathematicae},
    VOLUME = {44},
      YEAR = {1978},
    NUMBER = {2},
     PAGES = {129--162},
      ISSN = {0020-9910},
     CODEN = {INVMBH},
   MRCLASS = {14K07 (10D35 14G25)},
  MRNUMBER = {482230 (80h:14022)},
MRREVIEWER = {V. V. Shokurov},
       DOI = {10.1007/BF01390348},
       URL = {http://dx.doi.org/10.1007/BF01390348},
}

@article {petho82,
    AUTHOR = {Peth{\H{o}}, Attila},
     TITLE = {Perfect powers in second order linear recurrences},
   JOURNAL = {J. Number Theory},
  FJOURNAL = {Journal of Number Theory},
    VOLUME = {15},
      YEAR = {1982},
    NUMBER = {1},
     PAGES = {5--13},
      ISSN = {0022-314X},
     CODEN = {JNUTA9},
   MRCLASS = {10B25 (10A35)},
  MRNUMBER = {666345 (84f:10024)},
MRREVIEWER = {H. L. Abbott},
       DOI = {10.1016/0022-314X(82)90079-8},
       URL = {http://dx.doi.org/10.1016/0022-314X(82)90079-8},
}

@article {shorey83,
    AUTHOR = {Shorey, T. N. and Stewart, C. L.},
     TITLE = {On the {D}iophantine equation
              {$ax^{2t}+bx^{t}y+cy^{2}=d$} and pure powers in
              recurrence sequences},
   JOURNAL = {Math. Scand.},
  FJOURNAL = {Mathematica Scandinavica},
    VOLUME = {52},
      YEAR = {1983},
    NUMBER = {1},
     PAGES = {24--36},
      ISSN = {0025-5521},
     CODEN = {MTSCAN},
   MRCLASS = {10B25 (10A35 10B15)},
  MRNUMBER = {697495 (84g:10038)},
MRREVIEWER = {S. V. Kotov},
}

@incollection {petho92,
    AUTHOR = {Peth{\H{o}}, A.},
     TITLE = {The {P}ell sequence contains only trivial perfect powers},
 BOOKTITLE = {Sets, graphs and numbers ({B}udapest, 1991)},
    SERIES = {Colloq. Math. Soc. J\'anos Bolyai},
    VOLUME = {60},
     PAGES = {561--568},
 PUBLISHER = {North-Holland},
   ADDRESS = {Amsterdam},
      YEAR = {1992},
   MRCLASS = {11D61 (11B37)},
  MRNUMBER = {1218218 (94e:11031)},
MRREVIEWER = {T. N. Shorey},
}

@book {cohen07,
    AUTHOR = {Cohen, Henri},
     TITLE = {Number theory. {V}ol. {II}. {A}nalytic and modern tools},
    SERIES = {Graduate Texts in Mathematics},
    VOLUME = {240},
 PUBLISHER = {Springer},
   ADDRESS = {New York},
      YEAR = {2007},
     PAGES = {xxiv+596},
      ISBN = {978-0-387-49893-5},
   MRCLASS = {11-01 (11D61 11F80 11J86 11Mxx)},
  MRNUMBER = {2312338 (2008e:11002)},
MRREVIEWER = {R. C. Baker},
}
@article {mih04,
    AUTHOR = {Mih{\u{a}}ilescu, Preda},
     TITLE = {Primary cyclotomic units and a proof of {C}atalan's
              conjecture},
   JOURNAL = {J. Reine Angew. Math.},
  FJOURNAL = {Journal f\"ur die Reine und Angewandte Mathematik},
    VOLUME = {572},
      YEAR = {2004},
     PAGES = {167--195},
      ISSN = {0075-4102},
     CODEN = {JRMAA8},
   MRCLASS = {11D61 (11R18 11R27)},
  MRNUMBER = {2076124 (2005f:11051)},
MRREVIEWER = {Ren{\'e} Schoof},
       DOI = {10.1515/crll.2004.048},
       URL = {http://dx.doi.org/10.1515/crll.2004.048},
}

@misc{milne12,
author={Milne, James S.},
title={Modular Functions and Modular Forms (v1.30)},
year={2012},
note={Available at www.jmilne.org/math/},
pages={138}
}

@book {stein07,
    AUTHOR = {Stein, William},
     TITLE = {Modular forms, a computational approach},
    SERIES = {Graduate Studies in Mathematics},
    VOLUME = {79},
      NOTE = {With an appendix by Paul E. Gunnells},
 PUBLISHER = {American Mathematical Society},
   ADDRESS = {Providence, RI},
      YEAR = {2007},
     PAGES = {xvi+268},
      ISBN = {978-0-8218-3960-7; 0-8218-3960-8},
   MRCLASS = {11F11 (11-01 11F67 11Y16 11Y35)},
  MRNUMBER = {2289048 (2008d:11037)},
MRREVIEWER = {Imin Chen},
}


@article {bennett05,
    AUTHOR = {Bennett, Michael A.},
     TITLE = {Powers in recurrence sequences: {P}ell equations},
   JOURNAL = {Trans. Amer. Math. Soc.},
  FJOURNAL = {Transactions of the American Mathematical Society},
    VOLUME = {357},
      YEAR = {2005},
    NUMBER = {4},
     PAGES = {1675--1691 (electronic)},
      ISSN = {0002-9947},
     CODEN = {TAMTAM},
   MRCLASS = {11D41 (11B37 11D45)},
  MRNUMBER = {2115381 (2005h:11066)},
MRREVIEWER = {P. G. Walsh},
       DOI = {10.1090/S0002-9947-04-03586-X},
       URL = {http://dx.doi.org/10.1090/S0002-9947-04-03586-X},
}

@article {bugeaud96,
    AUTHOR = {Bugeaud, Yann and Gy{\H{o}}ry, K{\'a}lm{\'a}n},
     TITLE = {Bounds for the solutions of {T}hue-{M}ahler equations and norm
              form equations},
   JOURNAL = {Acta Arith.},
  FJOURNAL = {Acta Arithmetica},
    VOLUME = {74},
      YEAR = {1996},
    NUMBER = {3},
     PAGES = {273--292},
      ISSN = {0065-1036},
     CODEN = {AARIA9},
   MRCLASS = {11D57 (11J86)},
  MRNUMBER = {1373714 (97b:11046)},
MRREVIEWER = {T. N. Shorey},
}

@article {robbins83,
    AUTHOR = {Robbins, Neville},
     TITLE = {On {F}ibonacci numbers which are powers. {II}},
   JOURNAL = {Fibonacci Quart.},
  FJOURNAL = {The Fibonacci Quarterly. Official Organ of the Fibonacci
              Association},
    VOLUME = {21},
      YEAR = {1983},
    NUMBER = {3},
     PAGES = {215--218},
      ISSN = {0015-0517},
     CODEN = {FIBQAU},
   MRCLASS = {11B39},
  MRNUMBER = {718208 (85m:11013)},
MRREVIEWER = {H. London},
}


@article{code,
AUTHOR = {Silliman, Jesse and Vogt, Isabel},
TITLE = {Sage code for finding perfect powers in recurrence sequences},
NOTE = {Available online at \url{http://people.fas.harvard.edu/~ivogt/perfect_powers_code.sage}}
}





